VOL1000037                               000000                                1
HDR1A000000S  100000000003700010001       21165 21170 000000                    
HDR2F0200000100                                   00                            
UHL1 21169999999    000000001 DAILY  037                                        
6092301830042709962100020129076    00000627534ZOGENIX INTERNATIO                  BANK OF MONTREAL  
6210002012907601762100020129076    00000627534TEST BACS         CONTRA            ZOGENIX INTERNATIO
EOF1A000000S  100000000003700010001       21165 21170 000000                    
EOF2F0200000100                                   00                            
UTL10000000627534000000062753400000010000001                                    
